@article{rcssmanual2003,
	title={Users Manual - RoboCup Soccer Server (for Soccer Server Version 7.07 and later)},
	author={Chen, M and Dorer, K and Foroughi, E and Heintz, F and Huang, Z and Kapetanakis, S and Kostiadis, K and Kummeneje, J and Murray, J and Noda, I and Obst, O and Riley, P and Steffens, T and Wang, Y and Yin, X},
	year={2003}
}

@book{sutton2018reinforcement,
  title={Reinforcement Learning: An Introduction},
  author={Sutton, Richard S and Barto, Andrew G},
  year={2018},
  publisher={MIT press}
}

@inproceedings{nakashima2018helios2018,
	title={HELIOS2018: Team Description Paper},
	author={Nakashima, Tomoharu and Akiyama, Hidehisa and Suzuki, Yudai and Ohori, An and Fukushima, Takuya},
	booktitle={RoboCup 2018 Symposium and Competitions: Team Description Papers, Montreal, Canada},
	year={2018}
}

@article{maximoitandroids,
	title={ITAndroids 2D Soccer Simulation Team Description 2019},
	author={Maximo, Marcos ROA and Coimbra, Felipe V and Feitosa, Henrique F and others}
}

@article{bai2015online,
	title={Online planning for large markov decision processes with hierarchical decomposition},
	author={Bai, Aijun and Wu, Feng and Chen, Xiaoping},
	journal={ACM Transactions on Intelligent Systems and Technology (TIST)},
	volume={6},
	number={4},
	pages={45},
	year={2015},
	publisher={ACM}
}

@incollection{mackworth1993seeing,
	title={On seeing robots},
	author={Mackworth, Alan K},
	booktitle={Computer Vision: Systems, Theory and Applications},
	pages={1--13},
	year={1993},
	publisher={World Scientific}
}

@article{melloitandroids,
	title={ITAndroids 2D Soccer Simulation Team Description 2012},
	author={Mello, F{\'a}bio and Ramos, Luiz and Maximo, Marcos and Ferreira, Rodrigo and Moura, Victor}
}
